% Encoding: UTF-8

@Misc{cursografvec,
  title   = {Curso gratis de {Flash} {CS}5. {aulaClic}. 9 - {Básico}: {Gráficos} vectoriales y mapas de bits},
  note    = {Accedido el 2017-06-30},
  file    = {Curso gratis de Flash CS5. aulaClic. 9 - Básico\: Gráficos vectoriales y mapas de bits:C\:\\Users\\Juan Pedro\\Zotero\\storage\\I32RTB8G\\b_9_1_1.html:text/html},
  url     = {http://www.aulaclic.es/flash-cs5/b_9_1_1.htm},
  urldate = {2017-06-30},
}

@Misc{extensionai,
  title    = {Extensión de archivo {AI}},
  note     = {Accedido el 2017-06-30},
  abstract = {Aprende más sobre la extensión de archivo de imagen de Adobe Illustrator.},
  file     = {Snapshot:C\:\\Users\\Juan Pedro\\Zotero\\storage\\472M939V\\ai.html:text/html},
  journal  = {online-convert.com},
  url      = {http://www.online-convert.com/es/formato-de-archivo/ai},
  urldate  = {2017-06-30},
}

@Misc{definicionodg,
  title   = {Definición de odg (formato de archivo, extensión)},
  note    = {Accedido el 2017-06-30},
  file    = {Definición de odg (formato de archivo, extensión):C\:\\Users\\Juan Pedro\\Zotero\\storage\\ZZ37MGGG\\odg.html:text/html},
  url     = {http://www.alegsa.com.ar/Dic/odg.php},
  urldate = {2017-06-30},
}

@Misc{metaarchivo,
  title     = {Metaarchivo de {Windows}},
  month     = aug,
  year      = {2016},
  note      = {Page Version ID: 93104087},
  abstract  = {El metaarchivo de Windows (Windows Metafile, WMF) es un formato de archivo gráfico en sistemas Microsoft Windows, diseñado originalmente a principios de la década de 1990 y que no se utiliza tan frecuentemente desde la aparición de la World Wide Web y formatos más comunes como GIF, JPEG, PNG y SVG. Es un formato de gráficos vectoriales que permite también la inclusión de mapas de bits. Esencialmente, un archivo WMF almacena una secuencia de llamadas a funciones que son enviadas al nivel gráfico de Windows GDI para regenerar la imagen. Es similar en propósito y diseño al formato PostScript usado en los sistemas operativos Unix.
WMF es un formato de 16 bits introducido en Windows 3.0 del que existe una versión más reciente de 32 bits, con comandos adicionales, denominada Enhanced Metafile (EMF). EMF también es utilizado como un lenguaje de gráficos para dispositivos de impresión.},
  copyright = {Creative Commons Attribution-ShareAlike License},
  file      = {Snapshot:C\:\\Users\\Juan Pedro\\Zotero\\storage\\GC5CM2VD\\index.html:text/html},
  journal   = {Wikipedia, la enciclopedia libre},
  language  = {es},
  url       = {https://es.wikipedia.org/w/index.php?title=Metaarchivo_de_Windows&oldid=93104087},
  urldate   = {2017-06-30},
}

@Misc{lassoformatos,
  author     = {Lasso, Iván},
  title      = {Formatos de imagen: imágenes vectoriales},
  month      = feb,
  year       = {2015},
  abstract   = {Esta página forma parte del “Manual básico de hardware y software”. Descarga el cómic completo: TRANSCRIPCIÓN AI: Formato del programa Adobe Illustrator. Tiene muchas capacidades, según la versión …},
  file       = {Snapshot:C\:\\Users\\Juan Pedro\\Zotero\\storage\\4V36F2DZ\\formatos-de-imagen-imagenes-vectoriales.html:text/html},
  journal    = {Proyecto Autodidacta},
  shorttitle = {Formatos de imagen},
  url        = {http://www.proyectoautodidacta.com/comics/formatos-de-imagen-imagenes-vectoriales/},
  urldate    = {2017-06-30},
}

@Misc{googlemapsjs,
  author  = {Google inc.},
  title   = {Google {Maps} {JavaScript} {API} {V}3 {Reference} {\textbar} {Google} {Maps} {JavaScript} {API}},
  note    = {Accedido el 2017-06-30},
  file    = {Snapshot:C\:\\Users\\Juan Pedro\\Zotero\\storage\\6V7NBN4B\\reference.html:text/html},
  journal = {Google Developers},
  url     = {https://developers.google.com/maps/documentation/javascript/3.exp/reference},
  urldate = {2017-06-30},
}

@Misc{diccionarioetim,
  title   = {Diccionario {Etimológico} castellano en línea},
  note    = {Accedido el 2017-06-30},
  file    = {Diccionario Etimológico castellano en línea:C\:\\Users\\Juan Pedro\\Zotero\\storage\\6CZD854S\\etimologias.dechile.net.html:text/html},
  url     = {http://etimologias.dechile.net/},
  urldate = {2017-06-30},
}

@Misc{wikitrila,
  title     = {Trilateración},
  month     = nov,
  year      = {2015},
  note      = {Page Version ID: 87006146, Accedido el 2017-06-30},
  abstract  = {La trilateración es un método matemático para determinar las posiciones relativas de objetos usando la geometría de triángulos de forma análoga a la triangulación. A diferencia de ésta, que usa medidas de ángulo (junto con al menos una distancia conocida para calcular la localización del sujeto), la trilateración usa las localizaciones conocidas de dos o más puntos de referencia, y la distancia medida entre el sujeto y cada punto de referencia. Para determinar de forma única y precisa la localización relativa de un punto en un plano bidimensional usando sólo trilateración, se necesitan generalmente al menos 3 puntos de referencia.},
  copyright = {Creative Commons Attribution-ShareAlike License},
  file      = {Snapshot:C\:\\Users\\Juan Pedro\\Zotero\\storage\\KDP3M7NG\\index.html:text/html},
  journal   = {Wikipedia, la enciclopedia libre},
  language  = {es},
  url       = {https://es.wikipedia.org/w/index.php?title=Trilateraci%C3%B3n&oldid=87006146},
  urldate   = {2017-06-30},
}

@Misc{wikigps,
  title     = {Sistema de posicionamiento global},
  month     = jun,
  year      = {2017},
  note      = {Page Version ID: 100017790 Accedido el 2017-06-30},
  abstract  = {El Sistema de Posicionamiento Global, más conocido por sus siglas en inglés, GPS (siglas de Global Positioning System), es un sistema que permite determinar en toda la Tierra la posición de un objeto (una persona, un vehículo) con una precisión de hasta centímetros (si se utiliza GPS diferencial), aunque lo habitual son unos pocos metros de precisión. El sistema fue desarrollado, instalado y empleado por el Departamento de Defensa de los Estados Unidos. Para determinar las posiciones en el globo, el sistema GPS se sirve de 24 satélites y utiliza la trilateración.
El GPS funciona mediante una red de 24 satélites en órbita sobre el planeta Tierra, a 20 200 km de altura, con trayectorias sincronizadas para cubrir toda la superficie de la Tierra. Cuando se desea determinar la posición, el receptor que se utiliza para ello localiza automáticamente como mínimo tres satélites de la red, de los que recibe unas señales indicando la identificación y la hora del reloj de cada uno de ellos. Con base en estas señales, el aparato sincroniza el reloj del GPS y calcula el tiempo que tardan en llegar las señales al equipo, y de tal modo mide la distancia al satélite mediante el método de trilateración inversa, el cual se basa en determinar la distancia de cada satélite al punto de medición. Conocidas las distancias, se determina fácilmente la propia posición relativa respecto a los satélites. Conociendo además las coordenadas o posición de cada uno de ellos por la señal que emiten, se obtiene la posición absoluta o coordenadas reales del punto de medición. También se consigue una exactitud extrema en el reloj del GPS, similar a la de los relojes atómicos que lleva a bordo cada uno de los satélites.
La antigua Unión Soviética construyó un sistema similar llamado GLONASS, ahora gestionado por la Federación Rusa.
La Unión Europea desarrolló el sistema de navegación Galileo. En diciembre de 2016 la Comisión Europea, propietaria del sistema, informó que el sistema de navegación Galileo comenzó sus operaciones y que los satélites ya envían información de posicionamiento, navegación y determinación de la hora a usuarios de todo el mundo.
La República Popular China está implementando su propio sistema de navegación, el denominado Beidou, que está previsto que cuente con 12 y 14 satélites entre 2011 y 2015. Para 2020, ya plenamente operativo deberá contar con 30 satélites. En diciembre de 2012 tenían 14 satélites en órbita.},
  copyright = {Creative Commons Attribution-ShareAlike License},
  file      = {Snapshot:C\:\\Users\\Juan Pedro\\Zotero\\storage\\VINJNMSU\\index.html:text/html},
  journal   = {Wikipedia, la enciclopedia libre},
  language  = {es},
  url       = {https://es.wikipedia.org/w/index.php?title=Sistema_de_posicionamiento_global&oldid=100017790},
  urldate   = {2017-06-30},
}

@Misc{mejoresappgeo,
  title   = {Las mejores aplicaciones de geolocalización},
  note    = {Accedido el 2017-06-30},
  file    = {Las mejores aplicaciones de geolocalización:C\:\\Users\\Juan Pedro\\Zotero\\storage\\3TP6GMKJ\\aplicaciones-de-geolocalizacion.html:text/html},
  url     = {https://elandroidelibre.elespanol.com/2016/03/aplicaciones-de-geolocalizacion.html},
  urldate = {2017-06-30},
}

@Misc{animaciontrila,
  author     = {Abato, Heriberto Arribas},
  title      = {Español: {Animación} del proceso geométrico de {Trilateración}.},
  month      = apr,
  year       = {2012},
  note       = {Accedido el 2017-06-30},
  file       = {Wikimedia Snapshot:C\:\\Users\\Juan Pedro\\Zotero\\storage\\ZUZ63CI6\\index.html:text/html},
  shorttitle = {Español},
  url        = {https://commons.wikimedia.org/w/index.php?curid=18931682},
  urldate    = {2017-06-30},
}

@Misc{wifiloc,
  author     = {Luz, Escrito por Sergio De},
  title      = {Wi-{Fi} {Location}: {Qué} es, cómo funciona y para qué sirve este estándar de geoposicionamiento en interiores con {Wi}-{Fi}},
  month      = mar,
  year       = {2017},
  note       = {Accedido el 2017-06-30},
  abstract   = {Conoce cómo funciona el estándar Wi-Fi Location, nos permitirá el geoposicionamiento en espacios interiores utilizando las redes inalámbricas Wi-Fi sin GPS},
  file       = {Snapshot:C\:\\Users\\Juan Pedro\\Zotero\\storage\\VSBP6U78\\wi-fi-location-funciona-sirve-este-estandar-geoposicionamiento-interiores-wi-fi.html:text/html},
  journal    = {RedesZone},
  shorttitle = {Wi-{Fi} {Location}},
  url        = {https://www.redeszone.net/2017/03/11/wi-fi-location-funciona-sirve-este-estandar-geoposicionamiento-interiores-wi-fi/},
  urldate    = {2017-06-30},
}

@Misc{lenguajemarc,
  title     = {Lenguaje de marcado},
  month     = may,
  year      = {2017},
  note      = {Page Version ID: 99029240},
  abstract  = {Un lenguaje de marcado o lenguaje de marcas es una forma de codificar un documento que, junto con el texto, incorpora etiquetas o marcas que contienen información adicional acerca de la estructura del texto o su presentación.
El lenguaje de marcas más extendido es el HTML (HyperText Markup Language, lenguaje de marcado de hipertexto), fundamento del World Wide Web (entramado de comunicación de alcance mundial).
Los lenguajes de marcado suelen confundirse con lenguajes de programación. Sin embargo, no son lo mismo, ya que el lenguaje de marcado no tiene funciones aritméticas o variables, como sí poseen los lenguajes de programación. Históricamente, el marcado se usaba y se usa en la industria editorial y de la comunicación, así como entre autores, editores e impresores.
Un ejemplo de cómo funciona el lenguaje de marcado puede observarse en el dictado de viva voz de un documento a una persona que lo transcribe a máquina:
Ponga estilo de carta, ponga comillas, ponga mayúsculas, Estimado Juan, ponga dos puntos, aparte, sangría, ponga primera letra mayúscula, te escribo esta carta, ponga negrillas, de forma muy urgente, cierre negrilla, ya que no me has enviado..., etc.},
  copyright = {Creative Commons Attribution-ShareAlike License},
  file      = {Snapshot:C\:\\Users\\Juan Pedro\\Zotero\\storage\\XXJHNEPD\\index.html:text/html},
  journal   = {Wikipedia, la enciclopedia libre},
  language  = {es},
  url       = {https://es.wikipedia.org/w/index.php?title=Lenguaje_de_marcado&oldid=99029240},
  urldate   = {2017-06-30},
}

@Misc{scalablevec,
  title     = {Scalable {Vector} {Graphics}},
  month     = jun,
  year      = {2017},
  note      = {Page Version ID: 100057888},
  abstract  = {Gráficos Vectoriales Redimensionables (del inglés Scalable Vector Graphics) o SVG es un formato de gráficos vectoriales bidimensionales, tanto estáticos como animados, en formato XML, cuya especificación es un estándar abierto desarrollado por el W3C desde el año 1999.
SVG se convirtió en una recomendación del W3C en septiembre de 2001, por lo que ya ha sido incluido de forma nativa en el navegador web del W3C Amaya. Las versiones 1.5 y posteriores de Mozilla Firefox soportan gráficos hechos con SVG, así como el navegador Opera que desde su versión 8 ha implementado SVG 1.1 Tiny en su núcleo. Navegadores como Google Chrome, Safari e Internet Explorer 9 también son capaces de mostrar imágenes en formato SVG sin necesidad de complementos externos. Otros navegadores web, como versiones anteriores a la 9 de Internet Explorer, necesitan un conector o plug-in.},
  copyright = {Creative Commons Attribution-ShareAlike License},
  file      = {Snapshot:C\:\\Users\\Juan Pedro\\Zotero\\storage\\G9HJUT5G\\index.html:text/html},
  journal   = {Wikipedia, la enciclopedia libre},
  language  = {es},
  url       = {https://es.wikipedia.org/w/index.php?title=Scalable_Vector_Graphics&oldid=100057888},
  urldate   = {2017-06-30},
}

@Misc{lenguajemarcecu,
  title   = {Lenguaje de marcado - {EcuRed}},
  note    = {Accedido el 2017-06-30},
  file    = {Lenguaje de marcado - EcuRed:C\:\\Users\\Juan Pedro\\Zotero\\storage\\N4ET258U\\Lenguaje_de_marcado.html:text/html},
  url     = {https://www.ecured.cu/Lenguaje_de_marcado},
  urldate = {2017-06-30},
}

@Misc{desarrollowebxml,
  author  = {DesarrolloWeb.com},
  title   = {Objetivos y usos del {XML}},
  file    = {Snapshot:C\:\\Users\\Juan Pedro\\Zotero\\storage\\9QZKGBG4\\460.html:text/html},
  journal = {DesarrolloWeb.com},
  url     = {http://www.desarrolloweb.com/articulos/460.php},
  urldate = {2017-06-30},
}

@Misc{lmarcas,
  title   = {1.1 {Lenguajes} de marcas: tipos y clasificación de los más relevantes},
  note    = {Accedido el 2017-06-30},
  file    = {1.1 Lenguajes de marcas\: tipos y clasificación de los más relevantes:C\:\\Users\\Juan Pedro\\Zotero\\storage\\CFKMPIJG\\1-1-lenguajes-de-marcas-tipos-y-clasificacion-de-los-mas-relevantes.html:text/html},
  url     = {http://www.docencia.taboadaleon.es/1-1-lenguajes-de-marcas-tipos-y-clasificacion-de-los-mas-relevantes.html},
  urldate = {2017-06-30},
}

@Misc{xmlusos,
  title    = {Usos del {eXtensible} {Markup} {Language} ({XML})},
  month    = dec,
  year     = {2003},
  abstract = {Desde que XML salió a la luz, los programadores y desarrolladores se han sentido desubicados en cuanto a los usos reales del XML. El W3C (World Wide Web Consortium), quienes fueron los desarrolladores de este lenguaje le dieron 10 objetivos principales, los cuales nombraré en este artículo. Los objetivos no son suficientes así que también …},
  file     = {Snapshot:C\:\\Users\\Juan Pedro\\Zotero\\storage\\VDWQ826D\\xmlusos.html:text/html},
  journal  = {Maestros del Web},
  url      = {http://www.maestrosdelweb.com/xmlusos/},
  urldate  = {2017-06-30},
}

@Misc{mathmlwiki,
  title     = {{MathML}},
  month     = apr,
  year      = {2017},
  note      = {Page Version ID: 98412342},
  abstract  = {El MathML o Mathematical Markup Language es un lenguaje de marcado basado en XML, cuyo objetivo es expresar notación matemática de forma que distintas máquinas puedan entenderla, para su uso en combinación con XHTML en páginas web, y para intercambio de información entre programas de tipo matemático en general.
El soporte de MathML es grande en programas matemáticos (como Maple o Mathcad), pero aún escaso en navegadores. Al año 2016, Gecko/Mozilla Firefox contaba con el mejor soporte MathML, seguido de los navegadores basados en Webkit (como Safari). Google Chrome había heredado la funcionalidad a partir de Webkit, pero fue eliminada empezando en la versión 25. Navegador, que una vez contó con un soporte casi completo, también lo perdió desde la versión 13 a raíz de migrar a Blink/Chrome. En Internet Explorer jamás ha estado disponible, excepto mediante un complemento. Los autores de sitios Web pueden acudir al script MathJax para renderizar MathML en navegadores que no cuentan con soporte nativo.},
  copyright = {Creative Commons Attribution-ShareAlike License},
  file      = {Snapshot:C\:\\Users\\Juan Pedro\\Zotero\\storage\\H5ZJIZ4I\\index.html:text/html},
  journal   = {Wikipedia, la enciclopedia libre},
  language  = {es},
  url       = {https://es.wikipedia.org/w/index.php?title=MathML&oldid=98412342},
  urldate   = {2017-06-30},
}

@Misc{chemicalml,
  title     = {Chemical {Markup} {Language}},
  month     = dec,
  year      = {2016},
  note      = {Page Version ID: 95720127},
  abstract  = {CML, acrónimo del inglés Chemical Markup Language, es un lenguaje de marcas basado en XML cuyo objeto es expresar información molecular, tal como:
estructura química de moléculas
reacciones químicas
datos de espectros y analíticos
datos de química computacional
cristalografía y materiales},
  copyright = {Creative Commons Attribution-ShareAlike License},
  file      = {Snapshot:C\:\\Users\\Juan Pedro\\Zotero\\storage\\ZDRCFGHB\\index.html:text/html},
  journal   = {Wikipedia, la enciclopedia libre},
  language  = {es},
  url       = {https://es.wikipedia.org/w/index.php?title=Chemical_Markup_Language&oldid=95720127},
  urldate   = {2017-06-30},
}

@Misc{openmath,
  title     = {{OpenMath}},
  month     = apr,
  year      = {2017},
  note      = {Page Version ID: 98718481},
  abstract  = {OpenMath es el nombre de un lenguaje de marcas para especificar el siginificado de fórmulas matemáticas. Permitiendo entre otras cosas, su uso como complemento de MathML (un estándar centrado principalmente en la presentación de fórmulas, con información sobre su significado semántico). OpenMath puede ser codificado como un Lenguaje de Marcas XML extensible o un formato binario.},
  copyright = {Creative Commons Attribution-ShareAlike License},
  file      = {Snapshot:C\:\\Users\\Juan Pedro\\Zotero\\storage\\4UFVC3GB\\index.html:text/html},
  journal   = {Wikipedia, la enciclopedia libre},
  language  = {es},
  url       = {https://es.wikipedia.org/w/index.php?title=OpenMath&oldid=98718481},
  urldate   = {2017-06-30},
}

@Misc{vectorml,
  title     = {Vector {Markup} {Language}},
  month     = may,
  year      = {2016},
  note      = {Page Version ID: 91233187},
  abstract  = {Vector Markup Language (VML) es un lenguaje XML de programación abierto, destinado a la creación de los gráficos vectoriales elaborados en 2D o 3D (estáticos o animados) en las páginas Web.},
  copyright = {Creative Commons Attribution-ShareAlike License},
  file      = {Snapshot:C\:\\Users\\Juan Pedro\\Zotero\\storage\\2DA5UJQV\\index.html:text/html},
  journal   = {Wikipedia, la enciclopedia libre},
  language  = {es},
  url       = {https://es.wikipedia.org/w/index.php?title=Vector_Markup_Language&oldid=91233187},
  urldate   = {2017-06-30},
}

@Misc{jquerybib,
  title     = {{jQuery}},
  month     = oct,
  year      = {2017},
  note      = {Page Version ID: 102868596},
  abstract  = {jQuery es una biblioteca multiplataforma de JavaScript, creada inicialmente por John Resig, que permite simplificar la manera de interactuar con los documentos HTML, manipular el árbol DOM, manejar eventos, desarrollar animaciones y agregar interacción con la técnica AJAX a páginas web. Fue presentada el 14 de enero de 2006 en el BarCamp NYC. jQuery es la biblioteca de JavaScript más utilizada.[1]​
jQuery es software libre y de código abierto, posee un doble licenciamiento bajo la Licencia MIT y la Licencia Pública General de GNU v2, permitiendo su uso en proyectos libres y privados.[2]​ jQuery, al igual que otras bibliotecas, ofrece una serie de funcionalidades basadas en JavaScript que de otra manera requerirían de mucho más código, es decir, con las funciones propias de esta biblioteca se logran grandes resultados en menos tiempo y espacio.
Las empresas Microsoft y Nokia anunciaron que incluirán la biblioteca en sus plataformas.[3]​ Microsoft la añadirá en su IDE Visual Studio[4]​ y la usará junto con los frameworks ASP.NET AJAX y ASP.NET MVC, mientras que Nokia los integrará con su plataforma Web Run-Time.},
  copyright = {Creative Commons Attribution-ShareAlike License},
  file      = {Snapshot:C\:\\Users\\Juan Pedro\\Zotero\\storage\\7S35KLEN\\index.html:text/html},
  journal   = {Wikipedia, la enciclopedia libre},
  language  = {es},
  url       = {https://es.wikipedia.org/w/index.php?title=JQuery&oldid=102868596},
  urldate   = {2017-12-02},
}

@Misc{seleniumbib,
  title   = {Selenium - {Web} {Browser} {Automation}},
  note    = {Accedido el 2017-12-02},
  file    = {Selenium - Web Browser Automation:C\:\\Users\\Juan Pedro\\Zotero\\storage\\CYA98H9P\\www.seleniumhq.org.html:text/html},
  url     = {http://www.seleniumhq.org/},
  urldate = {2017-12-02},
}

@Misc{webserverbib,
  title   = {Webserver {Stress} {Tool} - {Performance}, stress \& load test.},
  note    = {Accedido el 2017-12-02},
  file    = {Webserver Stress Tool - Performance, stress & load test.:C\:\\Users\\Juan Pedro\\Zotero\\storage\\MKM5EM3G\\webstress.html:text/html},
  url     = {https://www.paessler.com/tools/webstress},
  urldate = {2017-12-02},
}

@Misc{texbib,
  title     = {{TeX}},
  month     = may,
  year      = {2017},
  note      = {Page Version ID: 98816953},
  abstract  = {TeX, estilizado como 
  
    
      
        
          T
          
            
            
              
                E
              
            
          
          
          X
        
      
    
    \{{\textbackslash}displaystyle {\textbackslash}mathbf \{T{\textbackslash}!\_\{{\textbackslash}displaystyle E\}{\textbackslash}!X\} \}
  , es un sistema de tipografía escrito por Donald E. Knuth, muy popular en el entorno académico, especialmente entre las comunidades de matemáticos, físicos e informáticos. Ha conseguido sustituir con creces a troff, otro programa de tipografía habitual en Unix.
TeX se considera generalmente la mejor forma de componer fórmulas matemáticas complejas pero, especialmente en la forma de LaTeX y otros paquetes de macros, se puede usar para otras tareas de composición.},
  copyright = {Creative Commons Attribution-ShareAlike License},
  file      = {Snapshot:C\:\\Users\\Juan Pedro\\Zotero\\storage\\XQPS4463\\index.html:text/html},
  journal   = {Wikipedia, la enciclopedia libre},
  language  = {es},
  url       = {https://es.wikipedia.org/w/index.php?title=TeX&oldid=98816953},
  urldate   = {2017-12-04},
}

@Misc{latexbib,
  title     = {{LaTeX}},
  month     = nov,
  year      = {2017},
  note      = {Page Version ID: 103092291},
  abstract  = {L
          
          
            
            
              
                

                
                
                  
                    A
                  
                
              
            
          
          
          
          
          
          
          
          
          T
          
            
            
              
                E
              
            
          
          
          X
        
      
    
    \{{\textbackslash}displaystyle {\textbackslash}mathbf \{L{\textbackslash}!{\textbackslash}!{\textasciicircum}\{\{\}\_\{{\textbackslash}scriptstyle A\}\}{\textbackslash}!{\textbackslash}!{\textbackslash}!{\textbackslash}!{\textbackslash}!{\textbackslash};{\textbackslash};T{\textbackslash}!\_\{{\textbackslash}displaystyle E\}{\textbackslash}!X\} \}
   (escrito LaTeX en texto plano) es un sistema de composición de textos, orientado a la creación de documentos escritos que presenten una alta calidad tipográfica. Por sus características y posibilidades, es usado de forma especialmente intensa en la generación de artículos y libros científicos que incluyen, entre otros elementos, expresiones matemáticas.
LaTeX está formado por un gran conjunto de macros de TeX, escrito por Leslie Lamport en 1984, con la intención de facilitar el uso del lenguaje de composición tipográfica, 
  
    
      
        
          T
          
            
            
              
                E
              
            
          
          
          X
        
      
    
    \{{\textbackslash}displaystyle {\textbackslash}mathbf \{T{\textbackslash}!\_\{{\textbackslash}displaystyle E\}{\textbackslash}!X\} \}
  , creado por Donald Knuth. Es muy utilizado para la composición de artículos académicos, tesis y libros técnicos, dado que la calidad tipográfica de los documentos realizados en LaTeX, se la considera adecuada a las necesidades de una editorial científica de primera línea, muchas de las cuales ya lo emplean.
LaTeX es software libre bajo licencia LPPL.},
  copyright = {Creative Commons Attribution-ShareAlike License},
  file      = {Snapshot:C\:\\Users\\Juan Pedro\\Zotero\\storage\\9UQ2W8C6\\index.html:text/html},
  journal   = {Wikipedia, la enciclopedia libre},
  language  = {es},
  url       = {https://es.wikipedia.org/w/index.php?title=LaTeX&oldid=103092291},
  urldate   = {2017-12-04},
}

@Misc{bootstrapbib,
  title     = {Bootstrap (framework)},
  month     = dec,
  year      = {2017},
  note      = {Page Version ID: 103881879},
  abstract  = {Bootstrap es un framework o conjunto de herramientas de Código abierto para diseño de sitios y aplicaciones web. Contiene plantillas de diseño con tipografía, formularios, botones, cuadros, menús de navegación y otros elementos de diseño basado en HTML y CSS, así como, extensiones de JavaScript opcionales adicionales.
Es el proyecto más popular en GitHub[1]​ y es usado por la NASA y la MSNBC entre otras organizaciones.[2]​[3]​},
  copyright = {Creative Commons Attribution-ShareAlike License},
  file      = {Snapshot:C\:\\Users\\Juan Pedro\\Zotero\\storage\\HNJ36CYR\\index.html:text/html},
  journal   = {Wikipedia, la enciclopedia libre},
  language  = {es},
  url       = {https://es.wikipedia.org/w/index.php?title=Bootstrap_(framework)&oldid=103881879},
  urldate   = {2017-12-04},
}

@Misc{dijkstrabib,
  title     = {Algoritmo de {Dijkstra}},
  month     = nov,
  year      = {2017},
  note      = {Page Version ID: 103657476},
  abstract  = {El algoritmo de Dijkstra, también llamado algoritmo de caminos mínimos, es un algoritmo para la determinación del camino más corto dado un vértice origen al resto de los vértices en un grafo con pesos en cada arista. Su nombre se refiere a Edsger Dijkstra, quien lo describió por primera vez en 1959.
La idea subyacente en este algoritmo consiste en ir explorando todos los caminos más cortos que parten del vértice origen y que llevan a todos los demás vértices; cuando se obtiene el camino más corto desde el vértice origen, al resto de vértices que componen el grafo, el algoritmo se detiene. El algoritmo es una especialización de la búsqueda de costo uniforme, y como tal, no funciona en grafos con aristas de coste negativo (al elegir siempre el nodo con distancia menor, pueden quedar excluidos de la búsqueda nodos que en próximas iteraciones bajarían el costo general del camino al pasar por una arista con costo negativo).
Una de sus aplicaciones más importantes reside en el campo de la telemática, gracias a él, podemos resolver grafos con muchos nodos, los cuales serían muy complicados de hacer sin dicho algoritmo, encontrando así las rutas más cortas entre un origen y todos los destinos en una red.},
  copyright = {Creative Commons Attribution-ShareAlike License},
  file      = {Snapshot:C\:\\Users\\Juan Pedro\\Zotero\\storage\\6PVPEBSR\\index.html:text/html},
  journal   = {Wikipedia, la enciclopedia libre},
  language  = {es},
  url       = {https://es.wikipedia.org/w/index.php?title=Algoritmo_de_Dijkstra&oldid=103657476},
  urldate   = {2018-01-03},
}

@Comment{jabref-meta: databaseType:bibtex;}
