% Encoding: UTF-8

@Misc{espefreq,
  title     = {Especificación de requisitos de software},
  month     = may,
  year      = {2017},
  note      = {Page Version ID: 99411053},
  abstract  = {La especificación de requisitos de software (ERS) es una descripción completa del comportamiento del sistema que se va a desarrollar. Incluye un conjunto de casos de uso que describe todas las interacciones que tendrán los usuarios con el software. Los casos de uso también son conocidos como requisitos funcionales. Además de los casos de uso, la ERS también contiene requisitos no funcionales (o complementarios). Los requisitos no funcionales son requisitos que imponen restricciones en el diseño o la implementación, como, por ejemplo, restricciones en el diseño o estándares de calidad.
Está dirigida tanto al cliente como al equipo de desarrollo. El lenguaje utilizado para su redacción debe ser informal, de forma que sea fácilmente comprensible para todas las partes involucradas en el desarrollo.},
  copyright = {Creative Commons Attribution-ShareAlike License},
  file      = {Snapshot:C\:\\Users\\Juan Pedro\\Zotero\\storage\\SVXTVH9J\\index.html:text/html},
  journal   = {Wikipedia, la enciclopedia libre},
  language  = {es},
  url       = {https://es.wikipedia.org/w/index.php?title=Especificaci%C3%B3n_de_requisitos_de_software&oldid=99411053},
  urldate   = {2017-06-30},
}

@Misc{mvcwiki,
  title     = {Modelo–vista–controlador},
  month     = dec,
  year      = {2017},
  note      = {Page Version ID: 104063233},
  abstract  = {Modelo-vista-controlador (MVC) es un patrón de arquitectura de software, que separa los datos y la lógica de negocio de una aplicación de la interfaz de usuario y el módulo encargado de gestionar los eventos y las comunicaciones. Para ello MVC propone la construcción de tres componentes distintos que son el modelo, la vista y el controlador, es decir, por un lado define componentes para la representación de la información, y por otro lado para la interacción del usuario.[1]​[2]​ Este patrón de arquitectura de software se basa en las ideas de reutilización de código y la separación de conceptos, características que buscan facilitar la tarea de desarrollo de aplicaciones y su posterior mantenimiento.[3]​[4]​},
  copyright = {Creative Commons Attribution-ShareAlike License},
  file      = {Snapshot:C\:\\Users\\Juan Pedro\\Zotero\\storage\\X6X4IQX5\\index.html:text/html},
  journal   = {Wikipedia, la enciclopedia libre},
  language  = {es},
  url       = {https://es.wikipedia.org/w/index.php?title=Modelo%E2%80%93vista%E2%80%93controlador&oldid=104063233},
  urldate   = {2018-01-03},
}

@Misc{mvcangular,
  author   = {tutorialspoint.com},
  title    = {{AngularJS} {MVC} {Architecture}},
  note     = {Accedido el 2018-01-03},
  abstract = {AngularJS MVC Architecture - Learn AngularJS in simple and easy steps starting from Overview, Environment Setup, MVC Architecture, First Application, Directives, Expressions, Controllers, Filters, Tables, HTML DOM, Modules, Forms, Includes, Ajax, Views, Scopes, Services, Dependency Injection, Custom Directives, Internalization, ToDo Application, Notepad Application, Bootstrap Application, Login Application, Upload File, In-line Application, Nav Menu, Switch Menu, Order Form, Search Tab, Drag Application, Cart Application, Translate Application, Chart Application, Maps Application, Share Application, Weather Application, Timer Application, Leaflet Application, Lastfm Application.},
  file     = {Snapshot:C\:\\Users\\Juan Pedro\\Zotero\\storage\\PFDVSF6L\\angularjs_mvc_architecture.html:text/html},
  journal  = {www.tutorialspoint.com},
  url      = {https://www.tutorialspoint.com/angularjs/angularjs_mvc_architecture.htm},
  urldate  = {2018-01-03},
}

@Misc{jdkbib,
  title     = {Java {Development} {Kit}},
  month     = dec,
  year      = {2017},
  note      = {Page Version ID: 104041475},
  abstract  = {Java Development Kit (JDK) es un software que provee herramientas de desarrollo para la creación de programas en Java. Puede instalarse en una computadora local o en una unidad de red.
En la unidad de red se pueden tener las herramientas distribuidas en varias computadoras y trabajar como una sola aplicación.},
  copyright = {Creative Commons Attribution-ShareAlike License},
  file      = {Snapshot:C\:\\Users\\Juan Pedro\\Zotero\\storage\\M95UHFPH\\index.html:text/html},
  journal   = {Wikipedia, la enciclopedia libre},
  language  = {es},
  url       = {https://es.wikipedia.org/w/index.php?title=Java_Development_Kit&oldid=104041475},
  urldate   = {2018-01-04},
}

@Misc{jrebib,
  title     = {Java {Runtime} {Environment}},
  month     = apr,
  year      = {2017},
  note      = {Page Version ID: 98332625},
  abstract  = {Java Runtime Environment o JRE es un conjunto de utilidades que permite la ejecución de programas Java.},
  copyright = {Creative Commons Attribution-ShareAlike License},
  file      = {Snapshot:C\:\\Users\\Juan Pedro\\Zotero\\storage\\HDKF8773\\index.html:text/html},
  journal   = {Wikipedia, la enciclopedia libre},
  language  = {es},
  url       = {https://es.wikipedia.org/w/index.php?title=Java_Runtime_Environment&oldid=98332625},
  urldate   = {2018-01-04},
}

@Misc{boweranexbib,
  title   = {Bower},
  note    = {Accedido el 2018-01-04},
  file    = {Snapshot:C\:\\Users\\Juan Pedro\\Zotero\\storage\\PXGW89CL\\bower.io.html:text/html},
  url     = {https://bower.io/},
  urldate = {2018-01-04},
}

@Misc{gruntbibanex,
  title      = {Getting started - {Grunt}: {The} {JavaScript} {Task} {Runner}},
  note       = {Accedido el 2018-01-04},
  file       = {Snapshot:C\:\\Users\\Juan Pedro\\Zotero\\storage\\DRXH3RS6\\getting-started.html:text/html},
  shorttitle = {Getting started - {Grunt}},
  url        = {https://gruntjs.com/},
  urldate    = {2018-01-04},
}

@Misc{herokutut,
  title    = {Getting {Started} on {Heroku} with {Node}.js {\textbar} {Heroku} {Dev} {Center}},
  note     = {Accedido el 2018-01-04},
  abstract = {A step-by-step guide for deploying your first Node app and mastering the basics of Heroku},
  file     = {Snapshot:C\:\\Users\\Juan Pedro\\Zotero\\storage\\RC4R676C\\getting-started-with-nodejs.html:text/html},
  url      = {https://devcenter.heroku.com/articles/getting-started-with-nodejs#introduction},
  urldate  = {2018-01-04},
}

@Misc{webserverstresstool,
  title   = {Webserver {Stress} {Tool} - {Performance}, stress \& load test.},
  note    = {Accedido el 2018-01-04},
  url     = {https://www.paessler.com/tools/webstress},
  urldate = {2018-01-04},
}

@Comment{jabref-meta: databaseType:bibtex;}
